%% This BibTeX bibliography file was created using BibDesk.
%% http://bibdesk.sourceforge.net/

%% Created for Tomas Krejci at 2016-03-06 10:32:51 +0100 


%% Saved with string encoding Unicode (UTF-8) 



@book{titterton2004strapdown,
	Author = {Titterton, David and Weston, John L},
	Date-Added = {2016-03-06 09:31:51 +0000},
	Date-Modified = {2016-03-06 09:32:25 +0000},
	Publisher = {IET},
	Title = {Strapdown inertial navigation technology},
	Volume = {17},
	Year = {2004}}

@webpage{apple-event-handling-guide-for-ios,
	Date-Added = {2016-03-06 09:23:08 +0000},
	Date-Modified = {2016-03-06 09:23:37 +0000},
	Url = {https://developer.apple.com/library/ios/documentation/EventHandling/Conceptual/EventHandlingiPhoneOS/motion_event_basics/motion_event_basics.html#//apple_ref/doc/uid/TP40009541-CH6-SW18}}

@article{palais2007euler,
	Author = {Palais, Bob and Palais, Richard},
	Date-Added = {2016-03-05 16:45:39 +0000},
	Date-Modified = {2016-03-05 16:46:47 +0000},
	Journal = {Journal of Fixed Point Theory and Applications},
	Number = {2},
	Pages = {215--220},
	Publisher = {Springer},
	Title = {Euler's fixed point theorem: The axis of a rotation},
	Volume = {2},
	Year = {2007}}

@inproceedings{matzner2015short,
	Author = {Matzner, Filip and Bart{\'a}k, Roman},
	Booktitle = {Advances in Artificial Intelligence and Its Applications},
	Date-Added = {2016-03-02 10:00:04 +0000},
	Date-Modified = {2016-03-02 10:01:04 +0000},
	Pages = {583--601},
	Publisher = {Springer},
	Title = {Short-Term Motion Tracking Using Inexpensive Sensors},
	Year = {2015}}

@inproceedings{skoda2015camera,
	Author = {Skoda, Jan and Bart{\'a}k, Roman},
	Booktitle = {The Twenty-Eighth International Flairs Conference},
	Date-Added = {2016-02-29 14:24:49 +0000},
	Date-Modified = {2016-02-29 14:25:17 +0000},
	Title = {Camera-Based Localization and Stabilization of a Flying Drone},
	Year = {2015}}

@book{thrun2005probabilistic,
	Author = {Thrun, Sebastian and Burgard, Wolfram and Fox, Dieter},
	Date-Added = {2016-02-29 14:11:44 +0000},
	Date-Modified = {2016-02-29 14:12:15 +0000},
	Publisher = {MIT press},
	Title = {Probabilistic robotics},
	Year = {2005}}

@inproceedings{li2013real,
	Author = {Li, Mingyang and Kim, Byung Hyung and Mourikis, Anastasios I},
	Booktitle = {Robotics and Automation (ICRA), 2013 IEEE International Conference on},
	Date-Added = {2016-02-29 14:05:20 +0000},
	Date-Modified = {2016-02-29 14:06:02 +0000},
	Organization = {IEEE},
	Pages = {4712--4719},
	Title = {Real-time motion tracking on a cellphone using inertial sensing and a rolling-shutter camera},
	Year = {2013}}

@inproceedings{hedgecock2013high,
	Author = {Hedgecock, Will and Maroti, Miklos and Sallai, Janos and Volgyesi, Peter and Ledeczi, Akos},
	Booktitle = {Proceeding of the 11th annual international conference on Mobile systems, applications, and services},
	Date-Added = {2016-02-29 13:54:24 +0000},
	Date-Modified = {2016-02-29 13:55:13 +0000},
	Organization = {ACM},
	Pages = {221--234},
	Title = {High-accuracy differential tracking of low-cost GPS receivers},
	Year = {2013}}

@webpage{sparkfun-buying-guide,
	Date-Added = {2016-02-29 13:39:37 +0000},
	Date-Modified = {2016-02-29 13:42:41 +0000},
	Title = {Accelerometer, Gyro and IMU Buying Guide},
	Url = {https://www.sparkfun.com/pages/accel_gyro_guide},
	Bdsk-Url-1 = {https://www.sparkfun.com/pages/accel_gyro_guide}}

@misc{iphone-spec-chipworks,
	Author = {St.J. Dixon-Warren},
	Date-Added = {2016-02-29 12:00:31 +0000},
	Date-Modified = {2016-02-29 12:05:52 +0000},
	Month = {September},
	Title = {Comparing the InvenSense and Bosch Accelerometers Found in the iPhone 6},
	Url = {https://www.chipworks.com/about-chipworks/overview/blog/comparing-invensense-and-bosch-accelerometers-found-iphone-6},
	Year = {2014},
	Bdsk-Url-1 = {https://www.chipworks.com/about-chipworks/overview/blog/comparing-invensense-and-bosch-accelerometers-found-iphone-6}}
